@other{ SiteWat,
       title = {Website over Dia},
       howpublished = "\url{https://live.gnome.org/Dia}"  },
       
@other{ SiteVergelijking,
       title = {Dia vs Microsoft visio},
       howpublished = "\url{http://www.guideto.com/computing-technology/hardware-software/softwares/dia-vs-microsoft-visio.html}"},

@other{ SiteVoorNadelen,
       title = {Voor en nadele Dia tov MS visio},
       howpublished = "\url{http://programmersjournal.blogspot.com/2008/03/dia-vs-visio.html}"},

@other{ SiteInstall,
       title = {Download website voor Dia},
       howpublished = "\url{http://dia-installer.de/}"},
       
@other{ SiteGit,
       title = {Website met uitleg over installatie en configuratie van GitHub},
       howpublished = "\url{http://help.github.com/ }"},
       
@other{ SiteMutt,
       title = {Uitleg configuratie Mutt mail-server},
       howpublished = "\url{http://www.linuxquestions.org/questions/linux-general-1/how-to-configure-mutt-mail-client-for-mail-server-other-that-gmail-855150/}"},
       
@other{ SiteMutt2,
       title = {Uitleg configuratie Mutt mail-server},
       howpublished = "\url{http://crunchbanglinux.org/wiki/howto/howto_setup_mutt_with_gmail_imap}"}
